{"Tensa\u00ef": {"Product": "Tensa\u00ef", "Title": "Tensa\u00ef Th\u00e9 blanc myrtille BIO, 33cl", "product_info": " Tensa\u00ef Th\u00e9 blanc myrtille BIO 33cl                ", "promo": "N/A", "price": "1,75\u20ac", "volume_price": "(5,30\u20ac/L)"}}
{"Les F\u00e9es Bio": {"Product": "Les F\u00e9es Bio", "Title": "Les F\u00e9es Bio Pur jus de Pomme BIO, 1L", "product_info": " Les F\u00e9es Bio Pur jus de Pomme BIO 1L   Fabriquant Fran\u00e7ais de jus de fruits depuis 1979             ", "promo": "Prenez en 3 payez en 2", "price": "3,40\u20ac", "volume_price": "(3,40\u20ac/L)"}}
{"Marcel Bio": {"Product": "Marcel Bio", "Title": "Marcel Bio Soupe froide Concombre, Menthe BIO, 48cl", "product_info": " Marcel Bio Soupe froide Concombre, Menthe BIO 48cl                ", "promo": "N/A", "price": "4,25\u20ac", "volume_price": "(8,85\u20ac/L)"}}
{"Marcel Bio": {"Product": "Marcel Bio", "Title": "Marcel Bio Soupe Carotte, Curry et Coco BIO, 48cl", "product_info": " Marcel Bio Soupe Carotte, Curry et Coco BIO 48cl                ", "promo": "N/A", "price": "4,66\u20ac", "volume_price": "(9,71\u20ac/L)"}}
{"Les F\u00e9es Bio": {"Product": "Les F\u00e9es Bio", "Title": "Les F\u00e9es Bio Pur jus pomme infusion Gingembre, 1L", "product_info": " Les F\u00e9es Bio Pur jus pomme infusion Gingembre 1L                ", "promo": "Prenez en 3 payez en 2", "price": "3,99\u20ac", "volume_price": "(3,99\u20ac/L)"}}
{"Tensa\u00ef": {"Product": "Tensa\u00ef", "Title": "Tensa\u00ef Th\u00e9 matcha menthe poivr\u00e9e BIO, 33cl", "product_info": " Tensa\u00ef Th\u00e9 matcha menthe poivr\u00e9e BIO 33cl                ", "promo": "N/A", "price": "1,75\u20ac", "volume_price": "(5,30\u20ac/L)"}}
{"Marcel Bio": {"Product": "Marcel Bio", "Title": "Marcel Bio Soupe Carotte, orange et gingembre, 48cl", "product_info": " Marcel Bio Soupe Carotte, orange et gingembre 48cl                ", "promo": "N/A", "price": "4,86\u20ac", "volume_price": "(10,13\u20ac/L)"}}
{"Marcel Bio": {"Product": "Marcel Bio", "Title": "Marcel Bio Soupe froide Gaspacho BIO, 48cl", "product_info": " Marcel Bio Soupe froide Gaspacho BIO 48cl                ", "promo": "N/A", "price": "4,45\u20ac", "volume_price": "(5,93\u20ac/L)"}}
{"Emmanuelle Baillard": {"Product": "Emmanuelle Baillard", "Title": "Emmanuelle Baillard Nectar de Mangue BIO, 25cl", "product_info": " Emmanuelle Baillard Nectar de Mangue BIO 25cl                ", "promo": "N/A", "price": "2,95\u20ac", "volume_price": "(11,80\u20ac/L)"}}
{"Tensa\u00ef": {"Product": "Tensa\u00ef", "Title": "Tensa\u00ef Th\u00e9 noir gingembre BIO, 33cl", "product_info": " Tensa\u00ef Th\u00e9 noir gingembre BIO 33cl                ", "promo": "N/A", "price": "1,75\u20ac", "volume_price": "(5,30\u20ac/L)"}}
{"Marcel Bio": {"Product": "Marcel Bio", "Title": "Marcel Bio Soupe Carotte-Poivron-Paprika, 48cl", "product_info": " Marcel Bio Soupe Carotte-Poivron-Paprika 48cl                ", "promo": "N/A", "price": "3,95\u20ac", "volume_price": "(8,23\u20ac/L)"}}
{"Marcel Bio": {"Product": "Marcel Bio", "Title": "Marcel Bio Soupe petits pois, concombre et menthe, 48cl", "product_info": " Marcel Bio Soupe petits pois, concombre et menthe 48cl                ", "promo": "N/A", "price": "4,64\u20ac", "volume_price": "(9,67\u20ac/L)"}}
{"Emmanuelle Baillard": {"Product": "Emmanuelle Baillard", "Title": "Emmanuelle Baillard Nectar de Mirabelle de Lorraine BIO, 25cl", "product_info": " Emmanuelle Baillard Nectar de Mirabelle de Lorraine BIO 25cl                ", "promo": "N/A", "price": "2,95\u20ac", "volume_price": "(11,80\u20ac/L)"}}
{"Tensa\u00ef": {"Product": "Tensa\u00ef", "Title": "Tensa\u00ef Th\u00e9 vert citron fleur de sureau BIO, 33cl", "product_info": " Tensa\u00ef Th\u00e9 vert citron fleur de sureau BIO 33cl                ", "promo": "N/A", "price": "1,75\u20ac", "volume_price": "(5,30\u20ac/L)"}}
{"Grain d'Orge": {"Product": "Grain d'Orge", "Title": "Grain d'Orge Bi\u00e8re blonde BIO 6.8\u00b0, 6x25cl", "product_info": " Grain d'Orge Bi\u00e8re blonde BIO 6.8\u00b0 6x25cl                ", "promo": "N/A", "price": "5,99\u20ac", "volume_price": "(3,99\u20ac/L)"}}
{"Marcel Bio": {"Product": "Marcel Bio", "Title": "Marcel Bio Soupe Courgette-Tomate-Basilic, 48cl", "product_info": " Marcel Bio Soupe Courgette-Tomate-Basilic 48cl                ", "promo": "N/A", "price": "3,94\u20ac", "volume_price": "(8,21\u20ac/L)"}}
{"Marcel Bio": {"Product": "Marcel Bio", "Title": "Marcel Bio Soupe 7 L\u00e9gumes BIO, 48cl", "product_info": " Marcel Bio Soupe 7 L\u00e9gumes BIO 48cl   L\u00e9gumes issus de l'agriculture biologique             ", "promo": "N/A", "price": "4,40\u20ac", "volume_price": "(9,17\u20ac/L)"}}
{"Jenlain": {"Product": "Jenlain", "Title": "Jenlain Bi\u00e8re blonde non filtr\u00e9e BIO 6\u00b0, 6x25cl", "product_info": " Jenlain Bi\u00e8re blonde non filtr\u00e9e BIO 6\u00b0 6x25cl                ", "promo": "N/A", "price": "7,16\u20ac", "volume_price": "(4,77\u20ac/L)"}}
{"Marcel Bio": {"Product": "Marcel Bio", "Title": "Marcel Bio Nectar d'abricot BIO, 25cl", "product_info": " Marcel Bio Nectar d'abricot BIO 25cl   Fabrication artisanale fran\u00e7aise, embouteill\u00e9s en Provence              ", "promo": "N/A", "price": "2,40\u20ac", "volume_price": "(9,60\u20ac/L)"}}
{"Marcel Bio": {"Product": "Marcel Bio", "Title": "Marcel Bio Soupe Tomate Basilic BIO, 62cl", "product_info": " Marcel Bio Soupe Tomate Basilic BIO 62cl                ", "promo": "N/A", "price": "3,95\u20ac", "volume_price": "(6,37\u20ac/L)"}}
{"Marcel Bio": {"Product": "Marcel Bio", "Title": "Marcel Bio Soupe Butternut & Patate douce BIO, 48cl", "product_info": " Marcel Bio Soupe Butternut & Patate douce BIO 48cl                ", "promo": "N/A", "price": "4,66\u20ac", "volume_price": "(9,71\u20ac/L)"}}
{"Barbe Rouge": {"Product": "Barbe Rouge", "Title": "Barbe Rouge Bi\u00e8re IPA ambr\u00e9e 5.7\u00b0 BIO, 50cl", "product_info": " Barbe Rouge Bi\u00e8re IPA ambr\u00e9e 5.7\u00b0 BIO 50cl     Origine : France           ", "promo": "Prenez en 3 payez en 2", "price": "5,45\u20ac", "volume_price": "(10,90\u20ac/L)"}}
{"Les F\u00e9es Bio": {"Product": "Les F\u00e9es Bio", "Title": "Les F\u00e9es Bio Pur Jus Multifruit BIO, 3L", "product_info": " Les F\u00e9es Bio Pur Jus Multifruit BIO 3L                ", "promo": "Prenez en 3 payez en 2", "price": "8,95\u20ac", "volume_price": "(2,98\u20ac/L)"}}
{"Marcel Bio": {"Product": "Marcel Bio", "Title": "Marcel Bio Soupe Tomate Carotte Betterave BIO, 62cl", "product_info": " Marcel Bio Soupe Tomate Carotte Betterave BIO  62cl                ", "promo": "N/A", "price": "4,30\u20ac", "volume_price": "(6,94\u20ac/L)"}}
{"Tensa\u00ef": {"Product": "Tensa\u00ef", "Title": "Tensa\u00ef Th\u00e9 blanc myrtille BIO, 33cl", "product_info": " Tensa\u00ef Th\u00e9 blanc myrtille BIO 33cl                ", "promo": "N/A", "price": "1,75\u20ac", "volume_price": "(5,30\u20ac/L)"}}
{"Les F\u00e9es Bio": {"Product": "Les F\u00e9es Bio", "Title": "Les F\u00e9es Bio Pur jus de Pomme BIO, 1L", "product_info": " Les F\u00e9es Bio Pur jus de Pomme BIO 1L   Fabriquant Fran\u00e7ais de jus de fruits depuis 1979             ", "promo": "Prenez en 3 payez en 2", "price": "3,40\u20ac", "volume_price": "(3,40\u20ac/L)"}}
{"Marcel Bio": {"Product": "Marcel Bio", "Title": "Marcel Bio Soupe froide Concombre, Menthe BIO, 48cl", "product_info": " Marcel Bio Soupe froide Concombre, Menthe BIO 48cl                ", "promo": "N/A", "price": "4,25\u20ac", "volume_price": "(8,85\u20ac/L)"}}
{"Marcel Bio": {"Product": "Marcel Bio", "Title": "Marcel Bio Soupe Carotte, Curry et Coco BIO, 48cl", "product_info": " Marcel Bio Soupe Carotte, Curry et Coco BIO 48cl                ", "promo": "N/A", "price": "4,66\u20ac", "volume_price": "(9,71\u20ac/L)"}}
{"Les F\u00e9es Bio": {"Product": "Les F\u00e9es Bio", "Title": "Les F\u00e9es Bio Pur jus pomme infusion Gingembre, 1L", "product_info": " Les F\u00e9es Bio Pur jus pomme infusion Gingembre 1L                ", "promo": "Prenez en 3 payez en 2", "price": "3,99\u20ac", "volume_price": "(3,99\u20ac/L)"}}
{"Tensa\u00ef": {"Product": "Tensa\u00ef", "Title": "Tensa\u00ef Th\u00e9 matcha menthe poivr\u00e9e BIO, 33cl", "product_info": " Tensa\u00ef Th\u00e9 matcha menthe poivr\u00e9e BIO 33cl                ", "promo": "N/A", "price": "1,75\u20ac", "volume_price": "(5,30\u20ac/L)"}}
{"Marcel Bio": {"Product": "Marcel Bio", "Title": "Marcel Bio Soupe Carotte, orange et gingembre, 48cl", "product_info": " Marcel Bio Soupe Carotte, orange et gingembre 48cl                ", "promo": "N/A", "price": "4,86\u20ac", "volume_price": "(10,13\u20ac/L)"}}
{"Marcel Bio": {"Product": "Marcel Bio", "Title": "Marcel Bio Soupe froide Gaspacho BIO, 48cl", "product_info": " Marcel Bio Soupe froide Gaspacho BIO 48cl                ", "promo": "N/A", "price": "4,45\u20ac", "volume_price": "(5,93\u20ac/L)"}}
{"Emmanuelle Baillard": {"Product": "Emmanuelle Baillard", "Title": "Emmanuelle Baillard Nectar de Mangue BIO, 25cl", "product_info": " Emmanuelle Baillard Nectar de Mangue BIO 25cl                ", "promo": "N/A", "price": "2,95\u20ac", "volume_price": "(11,80\u20ac/L)"}}
{"Tensa\u00ef": {"Product": "Tensa\u00ef", "Title": "Tensa\u00ef Th\u00e9 noir gingembre BIO, 33cl", "product_info": " Tensa\u00ef Th\u00e9 noir gingembre BIO 33cl                ", "promo": "N/A", "price": "1,75\u20ac", "volume_price": "(5,30\u20ac/L)"}}
{"Marcel Bio": {"Product": "Marcel Bio", "Title": "Marcel Bio Soupe Carotte-Poivron-Paprika, 48cl", "product_info": " Marcel Bio Soupe Carotte-Poivron-Paprika 48cl                ", "promo": "N/A", "price": "3,95\u20ac", "volume_price": "(8,23\u20ac/L)"}}
{"Marcel Bio": {"Product": "Marcel Bio", "Title": "Marcel Bio Soupe petits pois, concombre et menthe, 48cl", "product_info": " Marcel Bio Soupe petits pois, concombre et menthe 48cl                ", "promo": "N/A", "price": "4,64\u20ac", "volume_price": "(9,67\u20ac/L)"}}
{"Emmanuelle Baillard": {"Product": "Emmanuelle Baillard", "Title": "Emmanuelle Baillard Nectar de Mirabelle de Lorraine BIO, 25cl", "product_info": " Emmanuelle Baillard Nectar de Mirabelle de Lorraine BIO 25cl                ", "promo": "N/A", "price": "2,95\u20ac", "volume_price": "(11,80\u20ac/L)"}}
{"Tensa\u00ef": {"Product": "Tensa\u00ef", "Title": "Tensa\u00ef Th\u00e9 vert citron fleur de sureau BIO, 33cl", "product_info": " Tensa\u00ef Th\u00e9 vert citron fleur de sureau BIO 33cl                ", "promo": "N/A", "price": "1,75\u20ac", "volume_price": "(5,30\u20ac/L)"}}
{"Grain d'Orge": {"Product": "Grain d'Orge", "Title": "Grain d'Orge Bi\u00e8re blonde BIO 6.8\u00b0, 6x25cl", "product_info": " Grain d'Orge Bi\u00e8re blonde BIO 6.8\u00b0 6x25cl                ", "promo": "N/A", "price": "5,99\u20ac", "volume_price": "(3,99\u20ac/L)"}}
{"Marcel Bio": {"Product": "Marcel Bio", "Title": "Marcel Bio Soupe Courgette-Tomate-Basilic, 48cl", "product_info": " Marcel Bio Soupe Courgette-Tomate-Basilic 48cl                ", "promo": "N/A", "price": "3,94\u20ac", "volume_price": "(8,21\u20ac/L)"}}
{"Marcel Bio": {"Product": "Marcel Bio", "Title": "Marcel Bio Soupe 7 L\u00e9gumes BIO, 48cl", "product_info": " Marcel Bio Soupe 7 L\u00e9gumes BIO 48cl   L\u00e9gumes issus de l'agriculture biologique             ", "promo": "N/A", "price": "4,40\u20ac", "volume_price": "(9,17\u20ac/L)"}}
{"Marcel Bio": {"Product": "Marcel Bio", "Title": "Marcel Bio Nectar d'abricot BIO, 25cl", "product_info": " Marcel Bio Nectar d'abricot BIO 25cl   Fabrication artisanale fran\u00e7aise, embouteill\u00e9s en Provence              ", "promo": "N/A", "price": "2,40\u20ac", "volume_price": "(9,60\u20ac/L)"}}
{"Jenlain": {"Product": "Jenlain", "Title": "Jenlain Bi\u00e8re blonde non filtr\u00e9e BIO 6\u00b0, 6x25cl", "product_info": " Jenlain Bi\u00e8re blonde non filtr\u00e9e BIO 6\u00b0 6x25cl                ", "promo": "N/A", "price": "7,16\u20ac", "volume_price": "(4,77\u20ac/L)"}}
{"Marcel Bio": {"Product": "Marcel Bio", "Title": "Marcel Bio Soupe Butternut & Patate douce BIO, 48cl", "product_info": " Marcel Bio Soupe Butternut & Patate douce BIO 48cl                ", "promo": "N/A", "price": "4,66\u20ac", "volume_price": "(9,71\u20ac/L)"}}
{"Marcel Bio": {"Product": "Marcel Bio", "Title": "Marcel Bio Soupe Tomate Basilic BIO, 62cl", "product_info": " Marcel Bio Soupe Tomate Basilic BIO 62cl                ", "promo": "N/A", "price": "3,95\u20ac", "volume_price": "(6,37\u20ac/L)"}}
{"Les F\u00e9es Bio": {"Product": "Les F\u00e9es Bio", "Title": "Les F\u00e9es Bio Pur Jus Multifruit BIO, 3L", "product_info": " Les F\u00e9es Bio Pur Jus Multifruit BIO 3L                ", "promo": "Prenez en 3 payez en 2", "price": "8,95\u20ac", "volume_price": "(2,98\u20ac/L)"}}
{"Barbe Rouge": {"Product": "Barbe Rouge", "Title": "Barbe Rouge Bi\u00e8re IPA ambr\u00e9e 5.7\u00b0 BIO, 50cl", "product_info": " Barbe Rouge Bi\u00e8re IPA ambr\u00e9e 5.7\u00b0 BIO 50cl     Origine : France           ", "promo": "Prenez en 3 payez en 2", "price": "5,45\u20ac", "volume_price": "(10,90\u20ac/L)"}}
{"Marcel Bio": {"Product": "Marcel Bio", "Title": "Marcel Bio Soupe Tomate Carotte Betterave BIO, 62cl", "product_info": " Marcel Bio Soupe Tomate Carotte Betterave BIO  62cl                ", "promo": "N/A", "price": "4,30\u20ac", "volume_price": "(6,94\u20ac/L)"}}
